@INPROCEEDINGS{Berger:2013,  
  author={K. {Berger} and F. {Galea}},  
  booktitle={2013 IEEE International Symposium on Parallel   Distributed Processing, Workshops and Phd Forum},   
  title={An Efficient Parallelization Strategy for Dynamic Programming on GPU},   
  year={2013},  
  volume={},  
  number={},  
  pages={1797-1806},  
  doi={10.1109/IPDPSW.2013.208}
}

